@techreport{algorithmia_state_of_enterprise_ml,
  title = {Algorithmia 2020 State of Enterprise Machine Learning},
  year  = {2020},
  url   = {https://www.scribd.com/document/616304173/Algorithmia-2020-State-of-Enterprise-ML},
  note  = {Accessed: 2024-08-17}
}

@online{alpine_multiplatform_image,
  title = {Alpine Multi-Platform Image},
  url   = {https://hub.docker.com/_/alpine/tags},
  note  = {Accessed: 2024-08-31}
}

@online{apache_arrow_flight_intro,
  title = {Apache Arrow Flight Introduction},
  url   = {https://www.dremio.com/blog/an-introduction-to-apache-arrow-flight-sql/},
  note  = {Accessed: 2024-08-29}
}

@online{apache_arrow_flight_sql_2022,
  author       = {Lenoy, Jacob},
  title        = {Apache Arrow Flight SQL: High Performance, Simplicity, and Interoperability for Data Transfers},
  howpublished = {Presentation at Data+AI Summit 2022, organized by Databricks},
  year         = {2022},
  url          = {https://www.youtube.com/watch?v=OLsXlKb_XRQ},
  note         = {Accessed: 2024-08-31}
}

@online{arrow_repo,
  title = {Apache Arrow Repository},
  url   = {https://github.com/apache/arrow},
  note  = {Accessed: 2024-08-29}
}

@book{book:bruegge,
  author    = {Bruegge, Bernd and Dutoit, Allen H.},
  title     = {Object-Oriented Software Engineering Using UML, Patterns, and Java},
  year      = {2009},
  isbn      = {0136061257},
  publisher = {Prentice Hall Press},
  address   = {USA},
  edition   = {3rd}
}

@book{book:fl,
  title     = {Federated Learning - A Comprehensive Overview of Methods and Applications},
  year      = {2022},
  doi       = {10.1007/978-3-030-96896-0},
  url       = {https://doi.org/10.1007/978-3-030-96896-0},
  researchr = {https://researchr.org/publication/22-30},
  editor    = {Ludwig, Heiko and Baracaldo, Nathalie},
  publisher = {Springer},
  isbn      = {978-3-030-96896-0}
}

@online{buildah_homepage,
  title = {Buildah Homepage},
  url   = {https://buildah.io/},
  note  = {Accessed: 2024-08-12}
}


@online{buildah_vs_podman,
  title = {Buildah and Podman Relationship},
  url   = {https://podman.io/blogs/2018/10/31/podman-buildah-relationship},
  note  = {Accessed: 2024-08-30}
}

@misc{california_consumer_privacy_act,
  author = {California Legislature},
  title  = {California Consumer Privacy Act (CCPA)},
  year   = {2018},
  url    = {https://leginfo.legislature.ca.gov/faces/codes_displayText.xhtml?division=3.&part=4.&lawCode=CIV&title=1.81.5},
  note   = {Online; accessed August 11, 2024}
}

@online{cli_code,
  title = {Oakestra \& FLOps CLI Code Repository},
  url   = {https://github.com/oakestra/oakestra-cli},
  note  = {Accessed: 2024-08-12}
}

@online{click,
  title = {Click Repository},
  url   = {https://github.com/pallets/click},
  note  = {Accessed: 2024-09-03}
}

@online{columnar_roadmap_parquet_and_arrow,
  author       = {Dem, Julien Le},
  title        = {The columnar roadmap: Apache Parquet and Apache Arrow},
  howpublished = {Presentation from DataWorks Summit},
  year         = {2018},
  url          = {https://www.youtube.com/watch?v=dPb2ZXnt2_U},
  note         = {Accessed: 2024-08-31}
}

@article{comparative_analysis_of_fl_frameworks,
  author  = {Riedel, Pascal and Schick, Lukas and von Schwerin, Reinhold and Reichert, Manfred and Schaudt, Daniel and Hafner, Alexander},
  title   = {Comparative analysis of open-source federated learning frameworks - a literature-based survey and review},
  journal = {International Journal of Machine Learning and Cybernetics},
  year    = {2024},
  month   = {6},
  doi     = {10.1007/s13042-024-02234-z},
  url     = {https://doi.org/10.1007/s13042-024-02234-z}
}

@misc{comprehensive_study_fl_frameworks_degree_project,
  author      = {Hamsath Mohammed Khan, Riyas},
  institution = {University of Sk√∂vde, School of Informatics},
  pages       = {40},
  school      = {School of Informatics},
  title       = {A Comprehensive study on Federated Learning frameworks : Assessing Performance, Scalability, and Benchmarking with Deep Learning Model},
  year        = {2023},
  url         = {https://his.diva-portal.org/smash/record.jsf?pid=diva2%3A1799438&dswid=9092},
  note        = {Accessed: 2024-08-16}
}

@online{containerd_docs,
  title = {containerd Documentation},
  url   = {https://containerd.io/docs/},
  note  = {Accessed: 2024-08-12}
}

@online{docs:anaconda,
  title = {Anaconda Documentation},
  url   = {https://docs.anaconda.com/},
  note  = {Accessed: 2024-08-29}
}

@online{docs:arrow_flight,
  title = {Apache Arrow Flight Documentation},
  url   = {https://arrow.apache.org/docs/format/Flight.html},
  note  = {Accessed: 2024-08-29}
}


@online{docs:cncf_distribution_registry,
  title = {CNCF Distribution Registry Documentation},
  url   = {https://distribution.github.io/distribution/},
  note  = {Accessed: 2024-08-30}
}

@online{docs:conda,
  title = {Conda Documentation},
  url   = {https://conda.io/projects/conda/en/latest/index.html},
  note  = {Accessed: 2024-08-29}
}



@online{docs:conda_libmamba,
  title = {Conda documentation about libmamba solver},
  url   = {https://conda.github.io/conda-libmamba-solver/user-guide/},
  note  = {Accessed: 2024-08-29}
}

@online{docs:docker_buildx,
  title = {Docker Buildx Documentation},
  url   = {https://docs.docker.com/reference/cli/docker/buildx/build/},
  note  = {Accessed: 2024-08-31}
}

@online{docs:docker_manifest,
  title = {Docker Manifest Documentation},
  url   = {https://docs.docker.com/reference/cli/docker/manifest/},
  note  = {Accessed: 2024-08-31}
}



@online{docs:docker_multiplatform_image_builds,
  title = {Docker Multi-Platfrom Image Builds Documentation},
  url   = {https://docs.docker.com/build/building/multi-platform/},
  note  = {Accessed: 2024-08-31}
}

@online{docs:flower_next,
  title = {Flower Next API Announcement},
  url   = {https://flower.ai/blog/2024-04-03-announcing-flower-1.8-release},
  note  = {Accessed: 2024-08-30}
}



@online{docs:fuse_linux_kernel,
  title = {Linux Kernel FUSE Documentation},
  url   = {https://www.kernel.org/doc/html/latest/filesystems/fuse.html},
  note  = {Accessed: 2024-08-30}
}

@online{docs:hugging_face_arrow,
  title = {Hugging Face Datasets and Arrow Documentation},
  url   = {https://huggingface.co/docs/datasets/about_arrow},
  note  = {Accessed: 2024-08-29}
}

@online{docs:image_manifest_versions_schemas,
  title = {Image Manifest Versions and Schemas Documentation},
  url   = {https://distribution.github.io/distribution/spec/manifest-v2-2/},
  note  = {Accessed: 2024-08-31}
}

@online{docs:mamba,
  title = {Mamba Documentation},
  url   = {https://mamba.readthedocs.io/en/latest/},
  note  = {Accessed: 2024-08-29}
}

@online{docs:micromamba,
  title = {Micromamba Documentation},
  url   = {https://mamba.readthedocs.io/en/latest/user_guide/micromamba.html},
  note  = {Accessed: 2024-08-29}
}


@online{docs:miniconda,
  title = {Miniconda Documentation},
  url   = {https://docs.anaconda.com/miniconda/},
  note  = {Accessed: 2024-08-29}
}

@online{docs:mlfow_docker_cmds,
  title = {MLflow Documentation about Docker Build Commands},
  url   = {https://mlflow.org/docs/2.12.2/cli.html?highlight=docker%20image#mlflow-models-build-docker},
  note  = {Accessed: 2024-08-30}
}

@online{docs:parquet,
  title = {Apache Parquet Documentation},
  url   = {https://parquet.apache.org/docs/overview/},
  note  = {Accessed: 2024-08-29}
}

@online{docs:podman,
  title = {Podman Documentation},
  url   = {https://docs.podman.io/en/latest/},
  note  = {Accessed: 2024-08-30}
}



@online{docs:poetry,
  title = {Poetry Documentation},
  url   = {https://python-poetry.org/docs/},
  note  = {Accessed: 2024-08-29}
}

@online{docs:quemu,
  title = {QEMU Documentation},
  url   = {https://www.qemu.org/documentation/},
  note  = {Accessed: 2024-08-31}
}

@online{dragonfly,
  title = {Dragonfly - P2P file distribution and image acceleration system},
  url   = {https://github.com/dragonflyoss/Dragonfly2},
  note  = {Accessed: 2024-09-08}
}

@online{emnist_dataset,
  title = {EMNIST Dataset},
  url   = {https://www.nist.gov/itl/products-and-services/emnist-dataset},
  note  = {Accessed: 2024-08-29}
}

@misc{eu_regulation,
  author  = {The European Parliament and Council},
  journal = {Official Journal of the European Union},
  title   = {Regulation (EU) 2016/679 of the European Parliament and of the Council of 27 April 2016 on the protection of natural persons with regard to the processing of personal data and on the free movement of such data, and repealing Directive 95/46/EC (General Data Protection Regulation)},
  year    = {2016},
  url     = {https://eur-lex.europa.eu/eli/reg/2016/679/oj},
  note    = {Online; accessed August 11, 2024}
}

@online{fl_framework:fedml,
  title = {FedML Github},
  url   = {https://github.com/FedML-AI/FedML},
  note  = {Accessed: 2024-08-16}
}

@online{fl_framework:flower,
  title = {Flower Github},
  url   = {https://github.com/adap/flower},
  note  = {Accessed: 2024-08-16}
}


@online{fl_framework:openfl,
  title = {OpenFL},
  url   = {https://github.com/openfl/openfl},
  note  = {Accessed: 2024-08-16}
}


@online{fl_framework:pysyft,
  title = {Pysyft Github},
  url   = {https://github.com/OpenMined/PySyft},
  note  = {Accessed: 2024-08-16}
}

@online{fl_framework:tensorflow_federated,
  title = {Tensorflow-Federated Github},
  url   = {https://github.com/google-parfait/tensorflow-federated},
  note  = {Accessed: 2024-08-16}
}

@online{flops_code,
  title = {FLOps Code Repository},
  url   = {https://github.com/oakestra/addon-FLOps},
  note  = {Accessed: 2024-08-12}
}




@online{flops_utils_pip,
  title = {FLOps Utils Pip Package},
  url   = {https://pypi.org/project/flops-utils/},
  note  = {Accessed: 2024-08-26}
}

@online{flower_docs,
  title = {Flower Documentation},
  url   = {https://flower.ai/docs/},
  note  = {Accessed: 2024-08-12}
}


@online{flower_images,
  title = {Flower Container Images},
  url   = {https://hub.docker.com/u/flwr},
  note  = {Accessed: 2024-08-30}
}


@online{flower_tls,
  title = {Flower TLS Documentation},
  url   = {https://flower.ai/docs/framework/docker/enable-tls.html},
  note  = {Accessed: 2024-09-08}
}

@online{flower:blog,
  title = {Flower Blog},
  url   = {https://flower.ai/blog/},
  note  = {Accessed: 2024-09-09}
}

@online{flower:datasets,
  title = {Flower Datasets},
  url   = {https://flower.ai/docs/datasets/},
  note  = {Accessed: 2024-08-16}
}

@online{flower:examples,
  title = {Flower Examples},
  url   = {https://github.com/adap/flower/tree/main/examples},
  note  = {Accessed: 2024-08-12}
}

@online{flower:forum,
  title = {Flower Discussion Forum},
  url   = {https://discuss.flower.ai/},
  note  = {Accessed: 2024-09-09}
}

@online{flower:homepage,
  title = {Flower Homepage},
  url   = {https://flower.ai/},
  note  = {Accessed: 2024-08-16}
}

@online{flower:homepage_docs,
  title = {Flower Homepage Documentation},
  url   = {https://flower.ai/docs/},
  note  = {Accessed: 2024-08-12}
}

@online{flower:monthly,
  title = {Flower Monthly},
  url   = {https://flower.ai/events/flower-monthly/},
  note  = {Accessed: 2024-09-09}
}

@online{flower:slack,
  title = {Flower Slack},
  url   = {https://flower.ai/join-slack/},
  note  = {Accessed: 2024-09-09}
}

@online{flower:strategies,
  title = {Available Flower Strategies},
  url   = {https://github.com/adap/flower/tree/main/src/py/flwr/server/strategy},
  note  = {Accessed: 2024-08-16}
}

@online{flower:summit,
  title = {Flower AI Summit},
  url   = {https://flower.ai/events/flower-ai-summit-2024/},
  note  = {Accessed: 2024-09-09}
}


@online{flower:youtube,
  title = {Flower Youtube Channel},
  url   = {https://www.youtube.com/@flowerlabs},
  note  = {Accessed: 2024-09-09}
}


@online{framework:flask_openapi3,
  title = {flask-openapi3 Framework},
  url   = {https://github.com/luolingchun/flask-openapi3},
  note  = {Accessed: 2024-08-29}
}

@online{hdf5_femnist,
  title = {HDF5-FEMNIST Project},
  url   = {https://github.com/Xiao-Chenguang/HDF5-FEMNIST},
  note  = {Accessed: 2024-08-29}
}

@article{hpfl_over_massive_mobile_edge_computing_networks,
  author  = {You, Chaoqun and Guo, Kun and Yang, Howard H. and Quek, Tony Q. S.},
  journal = {IEEE Transactions on Wireless Communications},
  title   = {Hierarchical Personalized Federated Learning Over Massive Mobile Edge Computing Networks},
  year    = {2023},
  volume  = {22},
  number  = {11},
  pages   = {8141-8157},
  doi     = {10.1109/TWC.2023.3260141}
}

@online{hugging_face_homepage,
  title = {Hugging Face Homepage},
  url   = {https://huggingface.co/},
  note  = {Accessed: 2024-08-16}
}

@online{influxdb_apache_stack,
  author       = {Lamb, Andrew},
  title        = {Building InfluxDB 3.0 with Apache Arrow, DataFusion, Flight and Parquet},
  howpublished = {Technical Talk at Data Council 2024},
  year         = {2024},
  url          = {https://www.datacouncil.ai/talks24/building-influxdb-30-with-apache-arrow-datafusion-flight-and-parquet?hsLang=en},
  note         = {Accessed: 2024-08-31}
}

@online{mlflow_inference_serving,
  title = {MLflow Inference Serving Documentation},
  url   = {https://mlflow.org/docs/latest/deployment/deploy-model-locally.html},
  note  = {Accessed: 2024-09-08}
}

@online{mlflow:docker_example,
  title = {MLflow Docker Example},
  url   = {https://github.com/mlflow/mlflow/tree/master/examples/docker},
  note  = {Accessed: 2024-08-18}
}

@online{mlflow:docs,
  title = {MLflow Documentation},
  url   = {https://mlflow.org/docs/latest/index.html#},
  note  = {Accessed: 2024-08-18}
}

@online{mlflow:examples,
  title = {MLflow Examples},
  url   = {https://github.com/mlflow/mlflow/tree/master/examples},
  note  = {Accessed: 2024-08-18}
}

@online{mlflow:github,
  title = {MLflow GitHub},
  url   = {https://github.com/mlflow/mlflow},
  note  = {Accessed: 2024-08-18}
}

@online{mlflow:homepage,
  title = {MLflow Homepage},
  url   = {https://mlflow.org/},
  note  = {Accessed: 2024-08-18}
}

@online{mlflow:udemy,
  title  = {MLflow in Action - Master the art of MLOps using MLflow tool},
  author = {Garg, J.},
  url    = {https://www.udemy.com/course/mlflow-course/},
  note   = {Accessed: 2024-08-18}
}

@online{moby_project,
  title = {Moby Project Homepage},
  url   = {https://mobyproject.org/},
  note  = {Accessed: 2024-08-20}
}
@online{nydus,
  title = {Nydus - Dragonfly Image Service},
  url   = {https://github.com/dragonflyoss/nydus},
  note  = {Accessed: 2024-09-08}
}

@online{oakestra_dashboard,
  title = {Oakestra Dashboard},
  url   = {https://github.com/oakestra/dashboard},
  note  = {Accessed: 2024-09-03}
}

@online{oci_image_index,
  title = {OCI Image Index Specification},
  url   = {https://github.com/opencontainers/image-spec/blob/main/image-index.md},
  note  = {Accessed: 2024-08-31}
}

@online{open_container_initiative,
  title = {Open Container Initiative Homepage},
  url   = {https://opencontainers.org/},
  note  = {Accessed: 2024-08-20}
}


@article{paper:adaptive_exper_models_for_pfl,
  title         = {Adaptive Expert Models for Personalization in Federated Learning},
  author        = {Martin Isaksson and Edvin Listo Zec and Rickard C√∂ster and Daniel Gillblad and ≈†ar≈´nas Girdzijauskas},
  year          = {2022},
  eprint        = {2206.07832},
  archiveprefix = {arXiv},
  primaryclass  = {cs.LG},
  url           = {https://arxiv.org/abs/2206.07832}
}

@article{paper:adaptive_fl_for_resource_constrained_edge,
  author  = {Wang, Shiqiang and Tuor, Tiffany and Salonidis, Theodoros and Leung, Kin K. and Makaya, Christian and He, Ting and Chan, Kevin},
  journal = {IEEE Journal on Selected Areas in Communications},
  title   = {Adaptive Federated Learning in Resource Constrained Edge Computing Systems},
  year    = {2019},
  volume  = {37},
  number  = {6},
  pages   = {1205-1221},
  doi     = {10.1109/JSAC.2019.2904348}
}

@article{paper:ai_edge_iot_review,
  title    = {At the Confluence of Artificial Intelligence and Edge Computing in IoT-Based Applications: A Review and New Perspectives},
  author   = {Bourechak, Amira and Zedadra, Ouarda and Kouahla, Mohamed Nadjib and Guerrieri, Antonio and Seridi, Hamid and Fortino, Giancarlo},
  journal  = {Sensors},
  volume   = {23},
  number   = {3},
  year     = {2023},
  url      = {https://www.mdpi.com/1424-8220/23/3/1639},
  pubmedid = {36772680},
  issn     = {1424-8220},
  doi      = {10.3390/s23031639}
}

@article{paper:cluster_based_secure_aggregation_for_fl,
  author         = {Kim, Jien and Park, Gunryeong and Kim, Miseung and Park, Soyoung},
  title          = {Cluster-Based Secure Aggregation for Federated Learning},
  journal        = {Electronics},
  volume         = {12},
  year           = {2023},
  number         = {4},
  article-number = {870},
  url            = {https://www.mdpi.com/2079-9292/12/4/870},
  issn           = {2079-9292},
  doi            = {10.3390/electronics12040870}
}

@article{paper:decentralized_edge_intelligence_dynamic_resource_allocation_framework_hfl,
  author  = {Lim, Wei Yang Bryan and Ng, Jer Shyuan and Xiong, Zehui and Jin, Jiangming and Zhang, Yang and Niyato, Dusit and Leung, Cyril and Miao, Chunyan},
  journal = {IEEE Transactions on Parallel and Distributed Systems},
  title   = {Decentralized Edge Intelligence: A Dynamic Resource Allocation Framework for Hierarchical Federated Learning},
  year    = {2022},
  volume  = {33},
  number  = {3},
  pages   = {536-550},
  doi     = {10.1109/TPDS.2021.3096076}
}

@inproceedings{paper:deploying_fl_in_hierarchical_edge_architecture,
  author    = {Bisht, Narendra Singh and Duttagupta, Subhasri},
  booktitle = {2022 IEEE 10th Region 10 Humanitarian Technology Conference (R10-HTC)},
  title     = {Deploying a Federated Learning Based AI Solution in a Hierarchical Edge Architecture},
  year      = {2022},
  pages     = {247-252},
  doi       = {10.1109/R10-HTC54060.2022.9929526}
}

@inproceedings{paper:dind,
  author    = {Fava, Felipe Bedinotto and Laviola Leite, Luiz Felipe and Da Silva, Lu√≠s Fernando Alves and Da Silva Amalfi Costa, Pedro Ramires and Diniz Nogueira, Angelo Gaspar and Gobus Lopes, Amanda Fagundes and Schepke, Claudio and Kreutz, Diego Luis and Mansilha, Rodrigo Br√£ndao},
  booktitle = {2024 32nd Euromicro International Conference on Parallel, Distributed and Network-Based Processing (PDP)},
  title     = {Assessing the Performance of Docker in Docker Containers for Microservice-Based Architectures},
  year      = {2024},
  pages     = {137-142},
  doi       = {10.1109/PDP62718.2024.00026}
}

@inproceedings{paper:dl_via_docker,
  author    = {Xu, Pengfei and Shi, Shaohuai and Chu, Xiaowen},
  booktitle = {2017 3rd International Conference on Big Data Computing and Communications (BIGCOM)},
  title     = {Performance Evaluation of Deep Learning Tools in Docker Containers},
  year      = {2017},
  pages     = {395-403},
  keywords  = {Containers;Machine learning;Graphics processing units;Tools;Benchmark testing;Training},
  doi       = {10.1109/BIGCOM.2017.32}
}

@inproceedings{paper:edge_fl_via_mqtt_and_oma_lightweight_m2m,
  author    = {Genovese, Giacomo and Singh, Gurtaj and Campolo, Claudia and Molinaro, Antonella},
  booktitle = {2022 IEEE 95th Vehicular Technology Conference: (VTC2022-Spring)},
  title     = {Enabling Edge-based Federated Learning through MQTT and OMA Lightweight-M2M},
  year      = {2022},
  volume    = {},
  number    = {},
  pages     = {1-5},
  doi       = {10.1109/VTC2022-Spring54318.2022.9860964}
}

@article{paper:edgefl_framework,
  title         = {EdgeFL: A Lightweight Decentralized Federated Learning Framework},
  author        = {Hongyi Zhang and Jan Bosch and Helena Holmstr√∂m Olsson},
  year          = {2023},
  eprint        = {2309.02936},
  archiveprefix = {arXiv},
  primaryclass  = {cs.SE},
  url           = {https://arxiv.org/abs/2309.02936}
}

@article{paper:efficient_privacy_preserving_ml_in_hierarchical_distributed_systems,
  author  = {Jia, Qi and Guo, Linke and Fang, Yuguang and Wang, Guirong},
  journal = {IEEE Transactions on Network Science and Engineering},
  title   = {Efficient Privacy-Preserving Machine Learning in Hierarchical Distributed System},
  year    = {2019},
  volume  = {6},
  number  = {4},
  pages   = {599-612},
  doi     = {10.1109/TNSE.2018.2859420}
}

@inproceedings{paper:fedat_high_performance_communication_efficient_fl_with_asynch_tiers,
  author    = {Chai, Zheng and Chen, Yujing and Anwar, Ali and Zhao, Liang and Cheng, Yue and Rangwala, Huzefa},
  title     = {FedAT: a high-performance and communication-efficient federated learning system with asynchronous tiers},
  year      = {2021},
  isbn      = {9781450384421},
  publisher = {Association for Computing Machinery},
  address   = {New York, NY, USA},
  url       = {https://doi.org/10.1145/3458817.3476211},
  doi       = {10.1145/3458817.3476211},
  booktitle = {Proceedings of the International Conference for High Performance Computing, Networking, Storage and Analysis},
  articleno = {60},
  numpages  = {16},
  keywords  = {weighted aggregation, tiering, federated learning, communication efficiency, asynchronous distributed learning},
  location  = {St. Louis, Missouri},
  series    = {SC '21}
}

@article{paper:fl_inference_anytime_anywhere,
  title         = {Federated Learning for Inference at Anytime and Anywhere},
  author        = {Zicheng Liu and Da Li and Javier Fernandez-Marques and Stefanos Laskaridis and Yan Gao and ≈Åukasz Dudziak and Stan Z. Li and Shell Xu Hu and Timothy Hospedales},
  year          = {2022},
  eprint        = {2212.04084},
  archiveprefix = {arXiv},
  primaryclass  = {cs.LG},
  url           = {https://arxiv.org/abs/2212.04084}
}

@article{paper:fl_toward_on_demand_client_deployment_at_edge,
  title    = {On the feasibility of Federated Learning towards on-demand client deployment at the edge},
  journal  = {Information Processing \& Management},
  volume   = {60},
  number   = {1},
  pages    = {103150},
  year     = {2023},
  issn     = {0306-4573},
  doi      = {https://doi.org/10.1016/j.ipm.2022.103150},
  url      = {https://www.sciencedirect.com/science/article/pii/S0306457322002515},
  author   = {Mario Chahoud and Safa Otoum and Azzam Mourad},
  keywords = {Edge computing, 6G, Artificial Intelligence, Federated Learning, Privacy, On-demand client deployment}
}

@misc{paper:flower,
  title         = {Flower: A Friendly Federated Learning Research Framework},
  author        = {Daniel J. Beutel and Taner Topal and Akhil Mathur and Xinchi Qiu and Javier Fernandez-Marques and Yan Gao and Lorenzo Sani and Kwing Hei Li and Titouan Parcollet and Pedro Porto Buarque de Gusm√£o and Nicholas D. Lane},
  year          = {2022},
  eprint        = {2007.14390},
  archiveprefix = {arXiv},
  primaryclass  = {cs.LG},
  url           = {https://arxiv.org/abs/2007.14390}
}

@inproceedings{paper:global_fl_platform_for_iot,
  author    = {Safri, Hamza and Kandi, Mohamed Mehdi and Miloudi, Youssef and Bortolaso, Christophe and Trystram, Denis and Desprez, Fr√©d√©ric},
  booktitle = {2022 IEEE 42nd International Conference on Distributed Computing Systems (ICDCS)},
  title     = {Towards Developing a Global Federated Learning Platform for IoT},
  year      = {2022},
  pages     = {1312-1315},
  doi       = {10.1109/ICDCS54860.2022.00145}
}

@article{paper:hfl_with_momentum_acceleration_in_multi_tier_networks,
  title         = {Hierarchical Federated Learning with Momentum Acceleration in Multi-Tier Networks},
  author        = {Zhengjie Yang and Sen Fu and Wei Bao and Dong Yuan and Albert Y. Zomaya},
  year          = {2022},
  eprint        = {2210.14560},
  archiveprefix = {arXiv},
  primaryclass  = {cs.LG},
  url           = {https://arxiv.org/abs/2210.14560}
}

@article{paper:hfl_with_privacy,
  title         = {Hierarchical Federated Learning with Privacy},
  author        = {Varun Chandrasekaran and Suman Banerjee and Diego Perino and Nicolas Kourtellis},
  year          = {2022},
  eprint        = {2206.05209},
  archiveprefix = {arXiv},
  primaryclass  = {cs.LG},
  url           = {https://arxiv.org/abs/2206.05209}
}

@article{paper:leaf_fl_benchmark,
  title         = {LEAF: A Benchmark for Federated Settings},
  author        = {Sebastian Caldas and Sai Meher Karthik Duddu and Peter Wu and Tian Li and Jakub Koneƒçn√Ω and H. Brendan McMahan and Virginia Smith and Ameet Talwalkar},
  year          = {2019},
  eprint        = {1812.01097},
  archiveprefix = {arXiv},
  primaryclass  = {cs.LG},
  url           = {https://arxiv.org/abs/1812.01097}
}

@inproceedings{paper:ml_practices_on_docker,
  author    = {Openja, Moses and Majidi, Forough and Khomh, Foutse and Chembakottu, Bhagya and Li, Heng},
  title     = {Studying the Practices of Deploying Machine Learning Projects on Docker},
  year      = {2022},
  isbn      = {9781450396134},
  publisher = {Association for Computing Machinery},
  address   = {New York, NY, USA},
  url       = {https://doi.org/10.1145/3530019.3530039},
  doi       = {10.1145/3530019.3530039},
  booktitle = {Proceedings of the 26th International Conference on Evaluation and Assessment in Software Engineering},
  pages     = {190‚Äì200},
  numpages  = {11},
  keywords  = {Machine Learning, Docker, Deployment, Deep Neural Network},
  location  = {Gothenburg, Sweden},
  series    = {EASE '22}
}

@article{paper:mlops,
  author  = {Kreuzberger, Dominik and K√ºhl, Niklas and Hirschl, Sebastian},
  journal = {IEEE Access},
  title   = {Machine Learning Operations (MLOps): Overview, Definition, and Architecture},
  year    = {2023},
  volume  = {11},
  pages   = {31866-31879},
  doi     = {10.1109/ACCESS.2023.3262138}
}

@article{paper:model_pretraining_and_initialization_for_fl,
  title         = {Where to Begin? On the Impact of Pre-Training and Initialization in Federated Learning},
  author        = {John Nguyen and Jianyu Wang and Kshitiz Malik and Maziar Sanjabi and Michael Rabbat},
  year          = {2023},
  eprint        = {2206.15387},
  archiveprefix = {arXiv},
  primaryclass  = {cs.LG},
  url           = {https://arxiv.org/abs/2206.15387}
}

@article{paper:model_pruning_for_edge_fl,
  author  = {Jiang, Yuang and Wang, Shiqiang and Valls, V√≠ctor and Ko, Bong Jun and Lee, Wei-Han and Leung, Kin K. and Tassiulas, Leandros},
  journal = {IEEE Transactions on Neural Networks and Learning Systems},
  title   = {Model Pruning Enables Efficient Federated Learning on Edge Devices},
  year    = {2023},
  volume  = {34},
  number  = {12},
  pages   = {10374-10386},
  doi     = {10.1109/TNNLS.2022.3166101}
}

@inproceedings{paper:oakestra_usenix,
  author    = {Giovanni Bartolomeo and Mehdi Yosofie and Simon B{\"a}urle and Oliver Haluszczynski and Nitinder Mohan and J{\"o}rg Ott},
  title     = {Oakestra: A Lightweight Hierarchical Orchestration Framework for Edge Computing},
  booktitle = {2023 USENIX Annual Technical Conference (USENIX ATC 23)},
  year      = {2023},
  isbn      = {978-1-939133-35-9},
  address   = {Boston, MA},
  pages     = {215--231},
  url       = {https://www.usenix.org/conference/atc23/presentation/bartolomeo},
  publisher = {USENIX Association},
  month     = jul
}

@inproceedings{paper:original_fl,
  title     = {Communication-Efficient Learning of Deep Networks from Decentralized Data},
  author    = {McMahan, Brendan and Moore, Eider and Ramage, Daniel and Hampson, Seth and Arcas, Blaise Aguera y},
  booktitle = {Proceedings of the 20th International Conference on Artificial Intelligence and Statistics},
  pages     = {1273--1282},
  year      = {2017},
  editor    = {Singh, Aarti and Zhu, Jerry},
  volume    = {54},
  series    = {Proceedings of Machine Learning Research},
  publisher = {PMLR},
  pdf       = {http://proceedings.mlr.press/v54/mcmahan17a/mcmahan17a.pdf},
  url       = {https://proceedings.mlr.press/v54/mcmahan17a.html}
}

@article{paper:privacy_preserving_deep_fl_for_coop_hierarchical_caching_in_fog_computing,
  author  = {Yu, Zhengxin and Hu, Jia and Min, Geyong and Wang, Zi and Miao, Wang and Li, Shancang},
  journal = {IEEE Internet of Things Journal},
  title   = {Privacy-Preserving Federated Deep Learning for Cooperative Hierarchical Caching in Fog Computing},
  year    = {2022},
  volume  = {9},
  number  = {22},
  pages   = {22246-22255},
  doi     = {10.1109/JIOT.2021.3081480}
}

@inproceedings{paper:refl_resource_efficient_fl,
  author    = {Abdelmoniem, Ahmed M. and Sahu, Atal Narayan and Canini, Marco and Fahmy, Suhaib A.},
  title     = {REFL: Resource-Efficient Federated Learning},
  year      = {2023},
  isbn      = {9781450394871},
  publisher = {Association for Computing Machinery},
  address   = {New York, NY, USA},
  url       = {https://doi.org/10.1145/3552326.3567485},
  doi       = {10.1145/3552326.3567485},
  booktitle = {Proceedings of the Eighteenth European Conference on Computer Systems},
  pages     = {215‚Äì232},
  numpages  = {18},
  location  = {Rome, Italy},
  series    = {EuroSys '23}
}

@inproceedings{paper:rethinking_architecture_design_in_fl_for_diverse_data,
  author    = {Qu, Liangqiong and Zhou, Yuyin and Liang, Paul Pu and Xia, Yingda and Wang, Feifei and Adeli, Ehsan and Fei-Fei, Li and Rubin, Daniel},
  title     = {Rethinking Architecture Design for Tackling Data Heterogeneity in Federated Learning},
  booktitle = {Proceedings of the IEEE/CVF Conference on Computer Vision and Pattern Recognition (CVPR)},
  year      = {2022},
  pages     = {10061-10071}
}

@inproceedings{paper:scaling_fl_for_fine_tuning_llms,
  author    = {Hilmkil, Agrin
               and Callh, Sebastian
               and Barbieri, Matteo
               and S{\"u}tfeld, Leon Ren{\'e}
               and Zec, Edvin Listo
               and Mogren, Olof},
  editor    = {M{\'e}tais, Elisabeth
               and Meziane, Farid
               and Horacek, Helmut
               and Kapetanios, Epaminondas},
  title     = {Scaling Federated Learning for Fine-Tuning of Large Language Models},
  booktitle = {Natural Language Processing and Information Systems},
  year      = {2021},
  publisher = {Springer International Publishing},
  address   = {Cham},
  pages     = {15--23},
  isbn      = {978-3-030-80599-9}
}

@inproceedings{paper:tackling_objective_inconsistency_problem_in_heterogeneous_fl,
  author    = {Wang, Jianyu and Liu, Qinghua and Liang, Hao and Joshi, Gauri and Poor, H. Vincent},
  booktitle = {Advances in Neural Information Processing Systems},
  editor    = {H. Larochelle and M. Ranzato and R. Hadsell and M.F. Balcan and H. Lin},
  pages     = {7611--7623},
  publisher = {Curran Associates, Inc.},
  title     = {Tackling the Objective Inconsistency Problem in Heterogeneous Federated Optimization},
  url       = {https://proceedings.neurips.cc/paper_files/paper/2020/file/564127c03caab942e503ee6f810f54fd-Paper.pdf},
  volume    = {33},
  year      = {2020}
}

@online{python_argcomplete,
  title = {Python argcomplete Documentation},
  url   = {https://kislyuk.github.io/argcomplete/},
  note  = {Accessed: 2024-09-03}
}

@online{python_argparse,
  title = {Python argparse Documentation},
  url   = {https://docs.python.org/3/library/argparse.html},
  note  = {Accessed: 2024-09-03}
}

@online{redhat_docs:buildah,
  title = {Red Hat explains Buildah},
  url   = {https://www.redhat.com/en/topics/containers/what-is-buildah},
  note  = {Accessed: 2024-08-30}
}

@online{redhat_docs:podman,
  title = {Red Hat explains Podman},
  url   = {https://www.redhat.com/en/topics/containers/what-is-podman},
  note  = {Accessed: 2024-08-30}
}

@online{rich,
  title = {Rich Repository},
  url   = {https://github.com/Textualize/rich},
  note  = {Accessed: 2024-09-03}
}

@online{scopus_homepage,
  title = {Scopus Homepage},
  url   = {https://www.scopus.com/},
  note  = {Accessed: 2024-08-14}
}

@online{setuptools_userguide,
  title = {SetupTools User Guide},
  url   = {https://setuptools.pypa.io/en/latest/userguide/pyproject_config.html},
  note  = {Accessed: 2024-08-29}
}

@online{slim,
  title = {Slim(toolkit)},
  url   = {https://github.com/slimtoolkit/slim},
  note  = {Accessed: 2024-09-08}
}

@mastersthesis{thesis:tum_fl_framework_comparison,
  author     = {Saidani, Ahmed},
  university = {TUM},
  title      = {A Systematic Comparison of Federated Machine Learning Libraries},
  year       = {2023}
}

@mastersthesis{thesis:tum_jakob_kempter_kubernetes_oakestra,
  author     = {Kempter, Jakob},
  university = {TUM},
  title      = {Next-Generation Orchestration Frameworks for Multicluster Cloud-Edge Integration},
  year       = {2024}
}

@mastersthesis{thesis:tum_mahmoud,
  author     = {Elkodary, Mahmoud},
  university = {TUM},
  title      = {Enhancing Edge Orchestration Flexibility through Addons},
  year       = {2024}
}

@online{tum_fl_framework_thesis_github,
  title      = {FMLB Github},
  author     = {Saidani, Ahmed},
  university = {TUM},
  url        = {https://github.com/sdn98/BFML/tree/master},
  note       = {Accessed: 2024-08-16},
  year       = {2023}
}

@online{typer,
  title = {Typer Repository},
  url   = {https://github.com/fastapi/typer},
  note  = {Accessed: 2024-09-03}
}

@online{uv,
  title = {uv Python package and project manager},
  url   = {https://github.com/astral-sh/uv},
  note  = {Accessed: 2024-08-29}
}

@online{waitress,
  title = {Waitress WSGI Server},
  url   = {https://github.com/Pylons/waitress},
  note  = {Accessed: 2024-08-29}
}

